3030 5534
491 119 617 179 lxm
577 116 817 179 ΙΪιΙΙΙἫΙΙ
817 118 870 179 N
898 118 996 179 Is(

341 289 396 350 ’λ”ιΙ
392 291 448 363 ξιιε·
473 294 625 370 ἑιΙΙεΪῙῳ
893 292 1077 352 οςῖιπλετῡῑ·
1101 297 1186 365 οἷον,
1306 317 1317 363 5

337 394 411 456 ’το
402 419 441 477 η
462 418 662 468 στειιυτατον
688 394 787 469 Nu}
775 395 862 469 ηυίκα
884 397 972 471 γαῖαν
996 395 1116 479 έτέλθη,

340 493 465 559 Ἠελίου
487 497 656 575 κρθψαντος
677 495 729 557 έδν
750 493 836 573 φάος
869 495 940 558 ἔνθα
962 496 1000 559 σὺ
1020 496 1119 576 ῥέζειν

338 596 418 678 Ἰερά
439 600 632 679 πουτογάνοις
655 599 784 678 Μοίραις
805 599 897 676 ἀρνας
918 624 952 663 τε
974 601 1023 662 καί
1046 600 1145 681 αἶγας.

340 701 470 770 Κυανέας
492 698 519 765 δ’
541 703 590 765 έπὶ
612 700 706 764 ταῖσδ’
731 703 901 768 Εἰλειθυίας
922 701 1091 783 ἀρέσασθαι

338 807 542 871 Παιδοτάκους
563 806 712 880 θυέεσσιν,
735 807 794 891 ὅπη
816 805 908 884 θέμις.
954 805 1028 868 Αὖθι
1050 809 1082 870 δὲ
1105 807 1178 892 Γαίῃ
1290 836 1320 870 ιο

339 908 522 994 Πληθομένη
543 909 645 991 χοῖρός
666 933 700 972 τε
723 909 771 971 καὶ
792 909 826 974 ὗς
848 911 956 989 δεροῖτο
978 909 1115 987 μέλαινα.

339 1012 485 1076 Ζάλευκοι
507 1017 608 1092 ταῦροι
630 1014 662 1075 δὲ
685 1012 760 1077 Διὸς
780 1014 861 1090 παρά
881 1011 988 1090 βωμὸν
1009 1013 1148 1093 ἀγέσθων

332 1114 457 1196 Ἠματι,
477 1115 543 1196 μηδ’
567 1117 616 1179 ἐπὶ
638 1117 728 1180 νυκτί·
761 1121 858 1178 θεοῖσι
880 1118 937 1197 γὰρ
958 1116 1122 1195 οὐρανίοισι

334 1218 478 1301 Ἦμέριος
500 1219 623 1284 πέλεται
645 1218 739 1283 θυέων
760 1221 877 1298 τρόπος·
907 1220 947 1285 θς
968 1218 1002 1283 δέ
1024 1221 1072 1284 καὶ
1094 1223 1188 1287 οὕτως

335 1323 467 1406 Ἱρεθειν·
499 1324 633 1404 δαμάλης
655 1326 687 1387 δὲ
708 1323 784 1402 βοὸς
805 1322 895 1402 δέμας
916 1323 1031 1404 ἀγλαὸν
1040 1323 1140 1405 Ἥρης
1287 1353 1316 1404 ¹⁵

338 1427 484 1507 Δεξάσθω
507 1428 578 1504 νηὸς
598 1430 678 1506 παρά
699 1432 763 1492 σεῦ.
809 1427 868 1490 Καὶ
890 1433 1007 1505 Φοῖβος
1028 1427 1198 1506 Ἀπόλλων,

332 1530 430 1597 Ὀστε
451 1533 499 1595 καὶ
519 1529 643 1597 Ἠέλιος
665 1530 863 1608 κικλήσκεται,
885 1529 939 1595 ἶσα
960 1531 1089 1615 δεδέχθω

337 1637 464 1714 Θάματα
486 1633 639 1712 Λητοΐδης·
672 1635 720 1697 καὶ
742 1635 909 1712 ἀειδόμενοί
928 1660 962 1699 τε
983 1639 1105 1700 Λατῖνοι

337 1743 470 1806 Παιᾶνες
492 1739 607 1818 κούροις
629 1738 753 1821 κοθρησί
772 1762 803 1802 τε
827 1738 899 1818 νηδν
920 1738 1022 1822 έχοιεν

336 1840 521 1906 Ἀθανάτων
551 1842 641 1924 χωρὶς
662 1845 694 1905 δὲ
718 1843 802 1921 κόραι
824 1841 917 1925 χορὸν
937 1842 1021 1906 αιἰταδ
1043 1842 1143 1926 ἔχοιεν

337 1945 398 2010 Καὶ
419 1946 510 2028 χωρὶς
531 1947 645 2008 παίδων
666 1945 763 2023 άρσην
784 1946 906 2028 στάχυς,
928 1946 1010 2009 ἀλλά
1031 1945 1150 2027 γονηοιν

338 2048 466 2112 Πάντων
490 2049 633 2125 ζωόντων,
657 2049 701 2114 οίς
723 2049 895 2128 ἀμφιθαλὴς
917 2049 961 2113 έτι
982 2050 1091 2130 φίσλη.

336 2154 377 2216 ΑΙ
398 2156 430 2216 δὲ
451 2152 549 2234 γάμου
572 2153 727 2234 ζεύγλαισι
749 2151 924 2232 δεδμημέναι
945 2152 1034 2233 ἤματι
1056 2154 1143 2239 κείνῳ

335 2256 415 2336 Γνὺξ
428 2256 528 2338 Ἤρης
548 2259 628 2336 παρὰ
648 2256 755 2334 βωμὸν
776 2258 911 2336 ἀοίδιμον
933 2259 1090 2337 έδριάωσαι

343 2364 480 2440 Δαίμονα
501 2360 726 2424 λισσέσθιοσαν.
765 2358 885 2424 'Ama
906 2362 939 2423 δὲ
961 2363 1075 2438 λύματα
1097 2363 1198 2425 δοῦναι

332 2461 495 2544 Ἀνδράσιυ
515 2464 567 2542 ἠδὲ
588 2462 716 2544 γυναιξί,
738 2462 871 2543 μάλιστα
892 2465 925 2527 δὲ
948 2463 1136 2550 θηλυτέρῃσι.

334 2566 453 2633 Πάντες
475 2566 501 2630 δ’
524 2566 560 2646 έξ
578 2569 671 2631 οἴκοιο
693 2567 860 2648 φερέσθων,
883 2568 965 2630 άσσα
987 2567 1115 2644 κομίζειν

269 2706 273 2713 -
332 2671 423 2735 ’Emi
445 2670 526 2751 θέμις
546 2676 699 2750 θνητοῖσιν
721 2669 940 2753 ἀπαρχομένοις
959 2671 1086 2749 βιότοιο,

335 2775 468 2853 Δαίμοσι
488 2776 682 2856 μειλιχίοισιν
704 2774 856 2852 ἱλάσματα
877 2773 926 2836 καὶ
946 2771 1132 2853 μακάρεσσιν

335 2878 522 2956 Οὐραιβῶαις
552 2880 590 2941 τά
612 2879 645 2940 δέ
666 2876 765 2940 πάντα
786 2875 1041 2958 τεθησαυρισμένα
1060 2877 1180 2954 κείσθω,

328 2978 434 3061 Ὀφρα
455 3004 488 3043 τε
511 2980 619 3060 θηλυτέ
616 3006 687 3067 ρησι
709 2980 756 3043 καὶ
775 2979 920 3060 ἀνδράσιν
940 2982 1096 3061 έδριάωσιν

329 3082 441 3146 Ἔνθεν
463 3084 613 3169 πορσάνης
632 3082 822 3163 μεμνημένος.
848 3082 968 3162 Ἧμασι
990 3081 1016 3147 δ’
1038 3084 1117 3149 έστω

332 3185 456 3265 Νυξί
432 3213 450 3249 τ
480 3186 632 3250 έπασσντέ
630 3212 700 3273 ρησι
721 3184 917 3267 θεοπρέητους
939 3191 1013 3252 κατδ
1035 3192 1145 3258 θωκους

335 3289 522 3370 [Ιομπληθῆς
544 3290 655 3371 άγυρις·
685 3290 799 3370 σπουδὴ
822 3291 855 3354 δὲ
877 3290 986 3373 γέλωτι
1006 3292 1151 3376 μεμίχθω.

374 3428 475 3491 Ταῦτά
497 3452 543 3490 τοι
566 3427 600 3491 έν
621 3426 712 3507 φρεσὶ
735 3427 827 3514 σῇσιν
848 3428 895 3493 ἀεὶ
915 3427 1100 3508 μεμνημένος
1122 3428 1205 3506 εἶναι,

333 3533 395 3596 Καί
414 3557 464 3595 σοι
486 3535 569 3596 πᾶσα
589 3533 672 3614 χθὼν
694 3532 796 3611 Ἰταλῆ
818 3532 865 3595 καὶ
887 3536 970 3596 πᾶσα
991 3534 1105 3612 Λατίνη

331 3637 403 3700 Αίέν
424 3636 481 3700 ὑπὸ
504 3634 698 3715 σκήπτροισιν
717 3635 896 3719 θταυχένιον
919 3635 1007 3719 ζυγὸν
1028 3635 1097 3715 έξει.
