3030 5534
758 40 765 53 Ι

761 138 765 145 ¹
774 142 780 149 ι

757 188 765 197 ιι

1424 410 1436 421 ι.

182 850 287 914 xxvrn
557 849 944 945 rnrnonucrron

246 1295 501 1363 EXTRACTS
533 1297 667 1362 FROM
698 1296 799 1361 THE
832 1293 1116 1362 SUETONIAN
1144 1294 1253 1357 LIFE

603 1450 664 1516 OF
696 1449 907 1516 HORACE.

535 1670 692 1732 Maecenas'
713 1650 893 1750 regardfor'
906 1671 974 1731 hebr.

221 1836 383 1898 lllnscrtrms
400 1846 579 1916 quantopere
593 1854 662 1896 eum
679 1835 809 1894 dilexerit
823 1834 892 1894 satis
909 1842 1087 1893 monstratur
1107 1830 1157 1890 illo
1180 1830 1324 1905 epigram-

180 1946 259 1994 mate
270 1955 276 1994 :

491 2050 543 2099 ‘Ni
559 2057 584 2098 te
600 2048 734 2098 visceribus
750 2047 813 2097 meis
833 2046 926 2096 Horati

507 2133 568 2181 Plus
583 2133 633 2180 iam
650 2131 735 2195 diligo,
752 2137 779 2179 tu
796 2138 867 2179 tuum
887 2128 1000 2179 sodalem

507 2214 600 2264 Ninnio
617 2214 699 2263 videas
716 2214 885 2278 strigosiorem
895 2216 919 2273 ;’

180 2350 231 2408 sed
247 2350 338 2409 multo
352 2351 446 2428 magis
465 2351 601 2410 extremis
622 2349 733 2408 iudiciis
755 2347 802 2408 tali
824 2348 861 2406 ad
875 2347 1041 2423 Augustum
1060 2345 1178 2421 elogio:
1201 2340 1327 2400 ‘Horati

182 2448 287 2519 Flacci,
300 2462 331 2508 ut
344 2452 413 2520 mei,
428 2459 491 2510 esto
509 2449 639 2508 memor!

289 2701 444 2777 Auguslur'
465 2701 533 2778 offlr
552 2710 578 2760 lo
598 2701 656 2760 he'm
676 2700 714 2778 os
726 2699 770 2759 the
783 2705 849 2776 pos!
867 2699 905 2775 of
918 2698 1040 2756 Prr'vale
1060 2695 1214 2772 Secretary.

221 2866 370 2941 Augustus
391 2866 578 2944 epistolarum
599 2884 717 2944 quoque
739 2865 765 2924 ei
788 2863 915 2924 officium
937 2863 1048 2933 obtulit,
1063 2873 1094 2921 ut
1114 2863 1171 2923 hoc
1190 2861 1228 2921 ad
1244 2860 1326 2920 Mae-

183 2975 316 3023 cenatem
333 2967 441 3043 scripto
462 2967 622 3043 signifieat:
645 2966 742 3023 ‘Ante
757 2965 819 3041 ipse
834 2964 1013 3022 sufficiebam
1028 2962 1186 3022 scribendis
1200 2962 1330 3038 epistolis

181 3065 359 3125 amicorum:
383 3084 461 3126 nunc
482 3066 724 3142 occupatissimus
745 3075 774 3123 et
794 3063 925 3122 infirmus
946 3061 1102 3120 Horatium
1124 3071 1255 3121 nostrum
1270 3072 1330 3119 ate

180 3165 267 3240 cupio
289 3165 441 3225 abducere.
483 3164 590 3223 Veniet
617 3165 703 3240 igitur
728 3165 765 3222 ab
792 3164 848 3222 ista
875 3161 1028 3238 parasitica
1055 3178 1157 3219 mensa
1184 3161 1223 3219 ad
1253 3159 1329 3219 hanc

180 3263 300 3338 regiam,
325 3275 354 3322 et
379 3282 434 3323 nos
459 3264 489 3321 in
517 3263 647 3338 epistolis
672 3261 832 3322 scribendis
856 3259 1019 3319 adiuvabit!
1062 3258 1107 3317 Ac
1127 3278 1165 3318 ne
1186 3260 1330 3318 recusanti

179 3360 297 3434 quidem
311 3372 361 3420 aut
375 3363 540 3421 succensuit
554 3364 711 3439 quicquam
726 3370 775 3420 aut
790 3347 946 3419 amicitiam
962 3376 1045 3418 suam
1061 3359 1193 3435 ingerere
1207 3358 1300 3417 desiit.

395 3628 538 3687 Extracls
547 3628 631 3706 from
652 3627 743 3687 letters
763 3628 801 3706 os
813 3627 960 3705 Augustus
980 3633 1007 3686 lo
1026 3628 1093 3688 litu.

222 3774 331 3836 ‘Sume
345 3777 396 3836 tibi
411 3777 519 3853 aliquid
533 3779 600 3837 iuris
613 3777 691 3854 apud
706 3796 754 3837 me
768 3788 909 3855 tanquam
924 3777 948 3836 si
963 3779 1113 3837 convictor
1127 3778 1198 3836 mihi
1221 3776 1328 3836 fueris:

180 3886 258 3934 recte
280 3878 357 3934 emin
379 3887 407 3936 et
429 3896 489 3937 non
511 3887 620 3938 temere
640 3879 751 3950 feceris,
767 3879 906 3956 quoniam
920 3879 951 3937 id
965 3896 1035 3937 usus
1054 3877 1126 3935 mihi
1145 3888 1242 3936 tecum
1263 3895 1329 3936 esse

180 3974 257 4031 volui
272 3974 296 4032 si
311 3993 363 4050 per
377 3976 570 4034 valetudinem
586 3986 666 4034 tuam
681 3977 741 4035 fieri
757 3974 869 4053 possit!

221 4070 297 4130 ‘Tui
315 4073 429 4150 qualern
443 4073 567 4132 habeam
582 4076 755 4133 memoriam
770 4075 879 4151 poteris
893 4092 929 4132 ex
945 4072 1086 4150 Septimio
1096 4090 1213 4150 quoque
1228 4082 1329 4132 nostro

180 4169 293 4229 audire:
315 4189 383 4229 nam
399 4171 497 4230 incidit
511 4181 542 4230 ut
556 4172 605 4230 illo
620 4190 720 4231 coram
735 4174 815 4231 fieret
830 4192 847 4232 a
862 4191 910 4231 me
925 4173 964 4230 tui
981 4173 1090 4231 mentio
1105 4192 1111 4229 :
1134 4189 1231 4247 neque
1253 4172 1276 4229 si
1299 4183 1329 4230 tu

179 4270 321 4346 superbus
343 4269 498 4328 amicitiam
524 4281 653 4329 nostram
679 4271 810 4347 sprevisti
835 4269 902 4330 ideo
928 4288 983 4328 nos
1008 4287 1126 4348 quoque
1148 4271 1327 4343 ἀνθυπερφρο·

185 4369 295 4440 volumus

221 4466 355 4526 ‘Pertulit
383 4467 421 4526 ad
453 4484 501 4526 me
534 4468 690 4546 Dionysius
725 4467 853 4527 libellum
886 4478 977 4540 tuum,
1006 4485 1095 4544 quem
1128 4485 1196 4543 ego,
1224 4475 1258 4525 ut
1289 4484 1327 4523 ne

181 4583 316 4625 accusem
352 4567 529 4638 brevitatem,
559 4567 831 4644 quantuluscunque
866 4578 918 4638 est,
947 4567 1017 4625 boni
1052 4566 1185 4625 consulo.
1228 4563 1330 4623 Vereri

181 4673 279 4722 autern
293 4664 363 4722 mihi
384 4664 487 4723 videris
502 4683 539 4723 ne
555 4667 679 4724 maiores
701 4665 786 4724 libelli
808 4666 848 4724 tui
870 4666 926 4724 sint
947 4682 1036 4743 quarn
1057 4665 1120 4740 ipse
1141 4681 1181 4722 es.
1227 4661 1285 4722 Sed
1307 4662 1331 4721 sl

182 4771 288 4820 statura
312 4762 401 4834 deest,
425 4765 631 4840 corpusculum
651 4783 712 4824 non
734 4765 824 4824 deest.
867 4765 970 4842 ltaque
996 4764 1093 4823 licebit
1118 4763 1148 4821 in
1174 4761 1330 4822 sextariolo

182 4859 299 4930 scribas,
321 4871 352 4918 ut
372 4862 505 4921 circuitus
525 4862 680 4922 voluminis
700 4864 741 4923 tui
763 4862 798 4922 sit
819 4864 1012 4937 ὀγκωδίστατος
1032 4862 1106 4921 sicut
1123 4869 1168 4920 est
1181 4859 1331 4920 ventriculi

182 4956 240 5015 tui!
280 4956 335 5035 Cp.
351 4956 425 5017 Hor.
441 4957 517 5035 Epp.
536 4977 560 5019 1.
577 4980 603 5031 4.
623 4979 669 5032 14,
689 4978 712 5018 r.
731 4978 776 5019 20.
796 4979 842 5033 24.
