3030 5534
511 365 668 430 mann.
714 364 850 431 eron.
877 378 925 447 15.

274 539 352 601 Non
375 537 457 600 seret
480 536 628 601 assiduas
651 537 771 619 potiori
794 545 829 601 te
851 537 930 600 dare
953 547 1076 613 noctes,

318 640 363 704 Et
386 650 521 723 quaeret
545 642 647 705 iratus
669 660 792 722 parem,

273 744 345 807 Nec
367 743 469 807 semel
491 744 636 808 offensae
658 745 753 807 cedet
776 742 962 808 constantia
984 740 1116 819 formae,
1263 766 1291 815 ¹5

316 846 352 912 Si
376 857 484 911 certus
507 848 635 912 intrarit
658 848 761 911 dolor.

272 950 317 1013 Et
340 959 388 1026 tu,
410 952 597 1032 quicunque
620 972 655 1014 es
678 950 801 1014 felicior
822 960 923 1032 atque
945 970 1020 1013 meo
1044 968 1129 1012 nunc

315 1052 486 1135 Superbus
509 1053 631 1116 incedis
656 1053 752 1131 malo,

272 1152 326 1218 Sis
347 1174 466 1236 pecore
488 1162 522 1216 et
545 1153 648 1217 multa
671 1154 763 1217 dives
785 1152 902 1217 tellure
920 1153 1036 1216 licebit

313 1256 456 1338 Tibique
480 1255 633 1320 Pactolus
655 1256 745 1333 fluat,

272 1359 344 1423 Nec
366 1369 401 1422 te
425 1359 633 1441 Pythagorae
655 1359 772 1423 fallant
794 1379 913 1423 arcana
936 1358 1048 1436 renati,

314 1463 500 1544 Formaque
521 1463 633 1525 vincas
656 1462 766 1538 Nirea,

275 1565 369 1629 Eheu
393 1565 569 1629 translatos
591 1566 655 1629 alio
679 1565 840 1628 maerebis
861 1585 1009 1629 amores:

312 1668 379 1732 Ast
402 1688 463 1751 ego
484 1670 625 1735 vicissim
650 1670 758 1734 risero.

177 1879 213 1928 14.
231 1870 269 1923 et,
281 1864 344 1915 aiter
354 1882 370 1914 a
381 1866 493 1929 negative
504 1864 594 1919 clause.
606 1865 687 1914 where
738 1863 802 1914 Sest.
815 1864 846 1925 58
860 1863 914 1912 ‘cui
926 1878 972 1912 nos
984 1861 1068 1913 offensi
1085 1862 1204 1928 invisique
1217 1863 1288 1913 sueri·

140 1947 177 1980 we
194 1939 282 1993 expect
298 1931 381 1980 rather
397 1947 429 1979 an
447 1931 597 1980 adversative
615 1930 687 1993 conj..
738 1946 801 1978 mus.

140 2012 167 2044 as
184 1996 209 2044 in
226 1996 295 2059 Virg.
313 1998 375 2045 Aen.
390 2010 411 2045 a.
428 2011 462 2059 94
476 1996 546 2046 ‘Nec
563 1996 629 2044 tacui
646 1996 688 2044 de-
774 1994 810 2043 16.
829 1997 918 2053 dolor,
941 1992 984 2043 the
1005 1994 1064 2058 pain
1085 1992 1115 2043 oi
1134 1993 1224 2059 feeling
1244 1995 1286 2044 de·

141 2076 209 2109 mens
218 2067 242 2108 et
250 2097 256 2109 .
265 2096 270 2108 .
279 2059 397 2124 promisi?
414 2060 460 2110 See
469 2077 502 2110 on
511 2061 559 2109 Od.
571 2076 590 2109 ι.
600 2070 638 2123 27.
649 2058 686 2109 16.
737 2061 824 2109 serted.

173 2140 279 2184 parem,
296 2134 326 2173 ‘a
343 2132 396 2173 true
413 2126 514 2182 match'
526 2140 573 2175 one
589 2124 687 2175 faithful
772 2140 810 2189 19.
826 2128 933 2182 licebit,
945 2123 1005 2173 with
1014 2140 1072 2187 very
1079 2124 1145 2175 little
1155 2125 1286 2175 differenee

141 2190 190 2239 like
201 2190 296 2251 mysels.
737 2189 801 2239 horn
819 2190 906 2247 ‘linet'
923 2188 1074 2253 ‘although'
1109 2190 1160 2240 Sat.
1180 2206 1202 2239 n.
1219 2204 1240 2239 2.
1253 2206 1285 2255 59

176 2267 212 2315 15.
228 2253 265 2303 16.
282 2255 352 2303 'Nor
360 2253 411 2303 will
423 2271 464 2318 my
475 2255 609 2304 resolution
621 2254 687 2317 yield
741 2255 834 2304 'licebit
846 2254 892 2303 lile
903 2255 1011 2318 repotia.
1020 2255 1155 2304 .oelebret.'

140 2327 167 2368 to
176 2320 250 2368 beant
273 2319 355 2368 which
364 2319 408 2367 has
417 2336 478 2370 once
487 2321 589 2369 become
599 2320 687 2369 odious
772 2332 809 2367 21.
822 2334 931 2376 uonna,
940 2319 1044 2369 esoteric
1053 2319 1185 2377 doetrineS.
1195 2319 1283 2384 taught

140 2391 167 2433 to
178 2401 226 2440 me,
238 2336 267 2432 id
273 2385 314 2434 the
327 2385 384 2449 pain
396 2385 441 2433 has
452 2400 514 2434 once
526 2385 625 2434 entered
637 2384 687 2433 and
737 2384 796 2446 only
808 2389 835 2432 to
846 2400 861 2432 a
872 2384 917 2432 few
930 2384 1047 2432 taroured
1058 2384 1179 2449 disciples.

140 2449 204 2499 fixed
216 2449 285 2499 itselt
293 2450 318 2498 in
330 2466 371 2513 my
382 2449 467 2498 beart!
768 2452 870 2506 renati,
882 2450 930 2496 Od.
946 2464 966 2497 r.
978 2448 1015 2496 28.
1028 2462 1065 2503 ιο,
1078 2449 1194 2513 referring
1205 2456 1232 2498 to
1244 2450 1283 2501 his

176 2529 186 2562 r
191 2530 212 2577 5.
231 2519 362 2572 offensae,
373 2516 485 2578 literally‚
494 2515 587 2564 ‘which
600 2515 612 2564 1
623 2514 687 2564 have
736 2514 848 2563 doctrine
860 2513 889 2562 oi
896 2512 1088 2575 μιτεμψύχωσιι.

141 2580 264 2630 stumbled
276 2581 391 2645 against':
403 2595 432 2629 so
444 2581 532 2631 Cioero
541 2595 596 2629 uses
604 2581 632 2636 it,
640 2595 687 2643 pro
771 2592 810 2626 u.
828 2582 926 2638 Nirea,
938 2594 976 2628 see
988 2595 1021 2628 on
1032 2578 1081 2627 Od.
1095 2593 1117 2641 3.
1132 2592 1169 2628 ao.
1185 2592 1222 2644 ¹5·
